[gd_scene load_steps=12 format=2]

[ext_resource path="res://util/BlackBg.tscn" type="PackedScene" id=1]
[ext_resource path="res://intro/Intro.gd" type="Script" id=2]
[ext_resource path="res://fonts/6x6-fixed.png" type="BitmapFont" id=3]
[ext_resource path="res://intro/starriver-sheared.png" type="Texture" id=4]
[ext_resource path="res://intro/starriver.png" type="Texture" id=5]
[ext_resource path="res://intro/tins.png" type="Texture" id=6]
[ext_resource path="res://intro/WeAreTheRats.tscn" type="PackedScene" id=7]

[sub_resource type="Animation" id=1]
resource_name = "Intro"
length = 4.33333
step = 0.0333333
tracks/0/type = "value"
tracks/0/path = NodePath("Starriver/Proper:visible")
tracks/0/interp = 1
tracks/0/loop_wrap = true
tracks/0/imported = false
tracks/0/enabled = true
tracks/0/keys = {
"times": PoolRealArray( 0, 0.133333 ),
"transitions": PoolRealArray( 1, 1 ),
"update": 1,
"values": [ false, true ]
}
tracks/1/type = "value"
tracks/1/path = NodePath("Starriver/Split:visible")
tracks/1/interp = 1
tracks/1/loop_wrap = true
tracks/1/imported = false
tracks/1/enabled = true
tracks/1/keys = {
"times": PoolRealArray( 0, 0.0333333, 0.05, 0.0666667, 0.1, 0.133333 ),
"transitions": PoolRealArray( 1, 1, 1, 1, 1, 1 ),
"update": 1,
"values": [ false, true, false, false, true, false ]
}
tracks/2/type = "value"
tracks/2/path = NodePath("Starriver/Split2:visible")
tracks/2/interp = 1
tracks/2/loop_wrap = true
tracks/2/imported = false
tracks/2/enabled = true
tracks/2/keys = {
"times": PoolRealArray( 0, 0.0333333, 0.0666667, 0.0833333, 0.1, 0.133333, 0.166667 ),
"transitions": PoolRealArray( 1, 1, 1, 1, 1, 1, 1 ),
"update": 1,
"values": [ false, false, true, false, true, false, false ]
}
tracks/3/type = "value"
tracks/3/path = NodePath("Starriver/Sheared:visible")
tracks/3/interp = 1
tracks/3/loop_wrap = true
tracks/3/imported = false
tracks/3/enabled = true
tracks/3/keys = {
"times": PoolRealArray( 0, 0.0666667, 0.1, 0.133333, 0.166667 ),
"transitions": PoolRealArray( 1, 1, 1, 1, 1 ),
"update": 1,
"values": [ false, true, false, false, false ]
}
tracks/4/type = "value"
tracks/4/path = NodePath("Starriver:visible")
tracks/4/interp = 1
tracks/4/loop_wrap = true
tracks/4/imported = false
tracks/4/enabled = true
tracks/4/keys = {
"times": PoolRealArray( 0, 1.4 ),
"transitions": PoolRealArray( 1, 1 ),
"update": 1,
"values": [ true, false ]
}
tracks/5/type = "value"
tracks/5/path = NodePath("BlackBg:color")
tracks/5/interp = 1
tracks/5/loop_wrap = true
tracks/5/imported = false
tracks/5/enabled = true
tracks/5/keys = {
"times": PoolRealArray( 0, 1.36667, 1.4, 1.6, 3.03333, 3.13333 ),
"transitions": PoolRealArray( 1, 1, 1, 1, 1, 1 ),
"update": 0,
"values": [ Color( 0, 0, 0, 1 ), Color( 0, 0, 0, 1 ), Color( 0.298039, 0.298039, 0.298039, 1 ), Color( 0.121569, 0.121569, 0.184314, 1 ), Color( 0.121569, 0.121569, 0.184314, 1 ), Color( 0, 0, 0, 1 ) ]
}
tracks/6/type = "value"
tracks/6/path = NodePath("Tins:modulate")
tracks/6/interp = 1
tracks/6/loop_wrap = true
tracks/6/imported = false
tracks/6/enabled = true
tracks/6/keys = {
"times": PoolRealArray( 0, 1.36667, 1.43333, 3.13333, 3.23333 ),
"transitions": PoolRealArray( 1, 1, 1, 1, 1 ),
"update": 0,
"values": [ Color( 0, 0, 0, 1 ), Color( 0, 0, 0, 1 ), Color( 0.4, 0.4, 0.4, 1 ), Color( 0.4, 0.4, 0.4, 1 ), Color( 0, 0, 0, 1 ) ]
}
tracks/7/type = "value"
tracks/7/path = NodePath("Tins:position")
tracks/7/interp = 1
tracks/7/loop_wrap = true
tracks/7/imported = false
tracks/7/enabled = true
tracks/7/keys = {
"times": PoolRealArray( 0, 1.36667, 3.23333 ),
"transitions": PoolRealArray( 1, 1, 1 ),
"update": 0,
"values": [ Vector2( 176, 68 ), Vector2( 176, 68 ), Vector2( 64, 68 ) ]
}
tracks/8/type = "value"
tracks/8/path = NodePath("Label:modulate")
tracks/8/interp = 1
tracks/8/loop_wrap = true
tracks/8/imported = false
tracks/8/enabled = true
tracks/8/keys = {
"times": PoolRealArray( 0, 1.4, 1.43333, 3.23333, 3.33333 ),
"transitions": PoolRealArray( 1, 1, 1, 1, 1 ),
"update": 0,
"values": [ Color( 1, 1, 1, 0 ), Color( 1, 1, 1, 0 ), Color( 1, 1, 1, 1 ), Color( 1, 1, 1, 1 ), Color( 1, 1, 1, 0 ) ]
}
tracks/9/type = "method"
tracks/9/path = NodePath(".")
tracks/9/interp = 1
tracks/9/loop_wrap = true
tracks/9/imported = false
tracks/9/enabled = true
tracks/9/keys = {
"times": PoolRealArray( 3.73333 ),
"transitions": PoolRealArray( 1 ),
"values": [ {
"args": [  ],
"method": "anim_advance"
} ]
}
tracks/10/type = "value"
tracks/10/path = NodePath("Starriver/Subliminal:visible")
tracks/10/interp = 1
tracks/10/loop_wrap = true
tracks/10/imported = false
tracks/10/enabled = true
tracks/10/keys = {
"times": PoolRealArray( 0, 0.05, 0.0666667 ),
"transitions": PoolRealArray( 1, 1, 1 ),
"update": 1,
"values": [ false, true, false ]
}
tracks/11/type = "value"
tracks/11/path = NodePath("SubliminalScaler/Node2D:position")
tracks/11/interp = 1
tracks/11/loop_wrap = true
tracks/11/imported = false
tracks/11/enabled = true
tracks/11/keys = {
"times": PoolRealArray( 1.36667, 3.23333 ),
"transitions": PoolRealArray( 1, 1 ),
"update": 0,
"values": [ Vector2( 0, 0 ), Vector2( 28, 0 ) ]
}
tracks/12/type = "value"
tracks/12/path = NodePath("SubliminalScaler/Node2D2:position")
tracks/12/interp = 1
tracks/12/loop_wrap = true
tracks/12/imported = false
tracks/12/enabled = true
tracks/12/keys = {
"times": PoolRealArray( 1.36667, 3.23333 ),
"transitions": PoolRealArray( 1, 1 ),
"update": 0,
"values": [ Vector2( 0, 0 ), Vector2( -28, 0 ) ]
}

[sub_resource type="Animation" id=2]
length = 0.001
tracks/0/type = "value"
tracks/0/path = NodePath("Starriver/Proper:visible")
tracks/0/interp = 1
tracks/0/loop_wrap = true
tracks/0/imported = false
tracks/0/enabled = true
tracks/0/keys = {
"times": PoolRealArray( 0 ),
"transitions": PoolRealArray( 1 ),
"update": 0,
"values": [ false ]
}
tracks/1/type = "value"
tracks/1/path = NodePath("Starriver/Split:visible")
tracks/1/interp = 1
tracks/1/loop_wrap = true
tracks/1/imported = false
tracks/1/enabled = true
tracks/1/keys = {
"times": PoolRealArray( 0 ),
"transitions": PoolRealArray( 1 ),
"update": 0,
"values": [ false ]
}
tracks/2/type = "value"
tracks/2/path = NodePath("Starriver/Split2:visible")
tracks/2/interp = 1
tracks/2/loop_wrap = true
tracks/2/imported = false
tracks/2/enabled = true
tracks/2/keys = {
"times": PoolRealArray( 0 ),
"transitions": PoolRealArray( 1 ),
"update": 0,
"values": [ false ]
}
tracks/3/type = "value"
tracks/3/path = NodePath("Starriver/Sheared:visible")
tracks/3/interp = 1
tracks/3/loop_wrap = true
tracks/3/imported = false
tracks/3/enabled = true
tracks/3/keys = {
"times": PoolRealArray( 0 ),
"transitions": PoolRealArray( 1 ),
"update": 0,
"values": [ false ]
}
tracks/4/type = "value"
tracks/4/path = NodePath("Starriver:visible")
tracks/4/interp = 1
tracks/4/loop_wrap = true
tracks/4/imported = false
tracks/4/enabled = true
tracks/4/keys = {
"times": PoolRealArray( 0 ),
"transitions": PoolRealArray( 1 ),
"update": 0,
"values": [ false ]
}
tracks/5/type = "value"
tracks/5/path = NodePath("BlackBg:color")
tracks/5/interp = 1
tracks/5/loop_wrap = true
tracks/5/imported = false
tracks/5/enabled = true
tracks/5/keys = {
"times": PoolRealArray( 0 ),
"transitions": PoolRealArray( 1 ),
"update": 0,
"values": [ Color( 0, 0, 0, 1 ) ]
}
tracks/6/type = "value"
tracks/6/path = NodePath("Tins:modulate")
tracks/6/interp = 1
tracks/6/loop_wrap = true
tracks/6/imported = false
tracks/6/enabled = true
tracks/6/keys = {
"times": PoolRealArray( 0 ),
"transitions": PoolRealArray( 1 ),
"update": 0,
"values": [ Color( 1, 1, 1, 0 ) ]
}
tracks/7/type = "value"
tracks/7/path = NodePath("Tins:position")
tracks/7/interp = 1
tracks/7/loop_wrap = true
tracks/7/imported = false
tracks/7/enabled = true
tracks/7/keys = {
"times": PoolRealArray( 0 ),
"transitions": PoolRealArray( 1 ),
"update": 0,
"values": [ Vector2( 176, 64 ) ]
}
tracks/8/type = "value"
tracks/8/path = NodePath("Label:modulate")
tracks/8/interp = 1
tracks/8/loop_wrap = true
tracks/8/imported = false
tracks/8/enabled = true
tracks/8/keys = {
"times": PoolRealArray( 0 ),
"transitions": PoolRealArray( 1 ),
"update": 0,
"values": [ Color( 1, 1, 1, 0 ) ]
}
tracks/9/type = "value"
tracks/9/path = NodePath("Starriver/Subliminal:visible")
tracks/9/interp = 1
tracks/9/loop_wrap = true
tracks/9/imported = false
tracks/9/enabled = true
tracks/9/keys = {
"times": PoolRealArray( 0 ),
"transitions": PoolRealArray( 1 ),
"update": 0,
"values": [ false ]
}
tracks/10/type = "value"
tracks/10/path = NodePath("SubliminalScaler/Node2D/WeAreTheRats:rect_position")
tracks/10/interp = 1
tracks/10/loop_wrap = true
tracks/10/imported = false
tracks/10/enabled = true
tracks/10/keys = {
"times": PoolRealArray( 0 ),
"transitions": PoolRealArray( 1 ),
"update": 0,
"values": [ Vector2( -80, 0 ) ]
}
tracks/11/type = "value"
tracks/11/path = NodePath("SubliminalScaler/Node2D2/WeAreTheRats2:rect_position")
tracks/11/interp = 1
tracks/11/loop_wrap = true
tracks/11/imported = false
tracks/11/enabled = true
tracks/11/keys = {
"times": PoolRealArray( 0 ),
"transitions": PoolRealArray( 1 ),
"update": 0,
"values": [ Vector2( 0, 55.5 ) ]
}
tracks/12/type = "value"
tracks/12/path = NodePath("SubliminalScaler/Node2D/WeAreTheRats3:rect_position")
tracks/12/interp = 1
tracks/12/loop_wrap = true
tracks/12/imported = false
tracks/12/enabled = true
tracks/12/keys = {
"times": PoolRealArray( 0 ),
"transitions": PoolRealArray( 1 ),
"update": 0,
"values": [ Vector2( -80, 63 ) ]
}

[sub_resource type="Shader" id=3]
code = "shader_type canvas_item;

void fragment() {
	COLOR = texture(TEXTURE, UV);
	COLOR.a *= COLOR.r;
}"

[sub_resource type="ShaderMaterial" id=4]
shader = SubResource( 3 )

[node name="Intro" type="Node2D"]
script = ExtResource( 2 )
__meta__ = {
"_edit_vertical_guides_": [ 120.0 ]
}

[node name="AnimationPlayer" type="AnimationPlayer" parent="."]
anims/Intro = SubResource( 1 )
anims/RESET = SubResource( 2 )

[node name="BlackBg" parent="." instance=ExtResource( 1 )]

[node name="SubliminalScaler" type="Node2D" parent="."]
modulate = Color( 0, 0, 0, 0.4 )
material = SubResource( 4 )
scale = Vector2( 2, 2 )

[node name="Node2D" type="Node2D" parent="SubliminalScaler"]
use_parent_material = true
position = Vector2( 1, 0 )

[node name="WeAreTheRats" parent="SubliminalScaler/Node2D" instance=ExtResource( 7 )]
margin_top = 0.0
margin_bottom = 8.0

[node name="WeAreTheRats2" parent="SubliminalScaler/Node2D" instance=ExtResource( 7 )]
margin_top = 16.0
margin_bottom = 24.0

[node name="WeAreTheRats3" parent="SubliminalScaler/Node2D" instance=ExtResource( 7 )]
margin_top = 63.0
margin_bottom = 71.0

[node name="WeAreTheRats5" parent="SubliminalScaler/Node2D" instance=ExtResource( 7 )]
margin_top = 48.0
margin_bottom = 56.0

[node name="WeAreTheRats4" parent="SubliminalScaler/Node2D" instance=ExtResource( 7 )]
margin_top = 32.0
margin_bottom = 40.0

[node name="Node2D2" type="Node2D" parent="SubliminalScaler"]
use_parent_material = true
position = Vector2( -1, 0 )

[node name="WeAreTheRats2" parent="SubliminalScaler/Node2D2" instance=ExtResource( 7 )]
margin_left = 0.0
margin_top = 55.5
margin_right = 200.0
margin_bottom = 63.5

[node name="WeAreTheRats5" parent="SubliminalScaler/Node2D2" instance=ExtResource( 7 )]
margin_left = 0.0
margin_top = 40.0
margin_right = 200.0
margin_bottom = 48.0

[node name="WeAreTheRats4" parent="SubliminalScaler/Node2D2" instance=ExtResource( 7 )]
margin_left = 0.0
margin_top = 24.0
margin_right = 200.0
margin_bottom = 32.0

[node name="WeAreTheRats3" parent="SubliminalScaler/Node2D2" instance=ExtResource( 7 )]
margin_left = 0.0
margin_top = 8.0
margin_right = 200.0
margin_bottom = 16.0

[node name="Tins" type="Sprite" parent="."]
modulate = Color( 1, 1, 1, 0 )
position = Vector2( 176, 64 )
texture = ExtResource( 6 )

[node name="Starriver" type="Node2D" parent="."]
visible = false
position = Vector2( 120, 66 )

[node name="Proper" type="Sprite" parent="Starriver"]
visible = false
texture = ExtResource( 5 )

[node name="Split" type="Sprite" parent="Starriver"]
visible = false
position = Vector2( -52, -3 )
texture = ExtResource( 5 )
centered = false
region_enabled = true
region_rect = Rect2( 0, 25, 156, 31 )

[node name="Split2" type="Sprite" parent="Starriver"]
visible = false
position = Vector2( -104, -28 )
texture = ExtResource( 5 )
centered = false
region_enabled = true
region_rect = Rect2( 0, 0, 156, 25 )

[node name="Sheared" type="Sprite" parent="Starriver"]
visible = false
texture = ExtResource( 4 )

[node name="Subliminal" type="Label" parent="Starriver"]
visible = false
margin_left = -120.0
margin_top = -64.0
margin_right = 120.0
margin_bottom = 56.0
custom_constants/line_spacing = 0
custom_fonts/font = ExtResource( 3 )
text = "artistical
rule #123 "
align = 1
valign = 1

[node name="Label" type="Label" parent="."]
modulate = Color( 1, 1, 1, 0 )
margin_top = 16.0
margin_right = 240.0
margin_bottom = 120.0
custom_constants/line_spacing = 8
custom_fonts/font = ExtResource( 3 )
text = "TINS 2022
\"the wet one\""
align = 1
valign = 1
